<?xml version="1.0" encoding="UTF-8"?><collection xmlns="http://www.loc.gov/MARC21/slim"><record><leader>00360nam--2200145-i-4500</leader><controlfield tag="001">000003373</controlfield><controlfield tag="002">20161230</controlfield><controlfield tag="005">20170210125934</controlfield><controlfield tag="008">060222s1000------------r-----000-0-eng-d</controlfield><datafield ind1=" " ind2=" " tag="100"><subfield code="a">Cepelevski, M. L</subfield></datafield><datafield ind1=" " ind2=" " tag="245"><subfield code="a">Cartea laborantului</subfield></datafield><datafield ind1=" " ind2=" " tag="260"><subfield code="a">Bucuresti</subfield><subfield code="b">Ed.Medicala</subfield><subfield code="c">1955</subfield></datafield><datafield ind1=" " ind2=" " tag="300"><subfield code="a">504 p</subfield></datafield><datafield ind1=" " ind2=" " tag="700"><subfield code="a">Georgescu, George Al</subfield></datafield><datafield ind1=" " ind2=" " tag="CAT"><subfield code="a">SYS</subfield><subfield code="c">20170210</subfield><subfield code="h">125934</subfield></datafield></record></collection>